@book{latexcompanion,
  added-at = {2008-06-27T16:16:52.000+0200},
  author = {Mittelbach, Frank and Goossens, Michel and Braams, Johannes and Carlisle, David and Rowley, Chris},
  biburl = {https://www.bibsonomy.org/bibtex/256093831b9808d08e300a378e2bd79cf/cschenk},
  description = {Also hier steht echt (fast) alles drin!},
  edition = 2,
  interhash = {eba498513c04f6f55c92fb3d83fb16fc},
  intrahash = {56093831b9808d08e300a378e2bd79cf},
  keywords = {book companion frank-mittelbach latex michel-goossens rating:5 read:2005 reference tex},
  month = {April},
  note = {ISBN-10: 0201362996
ISBN-13: 978-0201362992},
  publisher = {Addison-Wesley},
  timestamp = {2008-06-27T16:16:53.000+0200},
  title = {The LaTeX Companion},
  year = 2004
}
@book{Knuth:1996,
  added-at = {2006-12-30T10:30:28.000+0100},
  address = {Boston, Mass.\ u.\,a.},
  author = {Knuth, Donald E.},
  biburl = {https://www.bibsonomy.org/bibtex/256f4672edcd3ca27cb1f1cf63d3f399c/cludwig},
  edition = {incorp. the final corr.},
  interhash = {95c63ad6b0db5cdef5aa8f44b90fced2},
  intrahash = {56f4672edcd3ca27cb1f1cf63d3f399c},
  isbn = {0-201-13448-9},
  keywords = {typography TeX},
  publisher = {Addison-Wesley},
  series = {Computers \& typesetting},
  timestamp = {2006-12-30T10:30:28.000+0100},
  title = {The TeXbook},
  year = 1996
}